@ARTICLE{oconnor:13,
   author = {{O'Connor}, E. and {Ott}, C.~D.},
    title = "{The Progenitor Dependence of the Pre-explosion Neutrino Emission in Core-collapse Supernovae}",
  journal = {\apj},
archivePrefix = "arXiv",
   eprint = {1207.1100},
 primaryClass = "astro-ph.HE",
 keywords = {equation of state, hydrodynamics, neutrinos, stars: evolution, stars: neutron, supernovae: general},
     year = 2013,
   volume = 762,
      eid = {126},
    pages = {126},
      doi = {10.1088/0004-637X/762/2/126},
   adsurl = {http://adsabs.harvard.edu/abs/2013ApJ...762..126O},
}

@ARTICLE{shapiro:76,
   author = {{Shapiro}, S.~L. and {Lightman}, A.~P. and {Eardley}, D.~M.},
    title = "{A two-temperature accretion disk model for Cygnus X-1 - Structure and spectrum}",
  journal = {\apj},
 keywords = {Astronomical Models, Black Holes (Astronomy), Radiative Transfer, X Ray Sources, X Ray Stars, Compton Effect, Disks (Shapes), Electron Energy, Emission Spectra, Ion Temperature, X Ray Spectra},
     year = 1976,
    month = feb,
   volume = 204,
    pages = {187-199},
      doi = {10.1086/154162},
   adsurl = {http://adsabs.harvard.edu/abs/1976ApJ...204..187S},
  adsnote = {Provided by the SAO/NASA Astrophysics Data System}
}
